@article{Gisin,
author = {Dominique, Gisin},
title = {{HR 8799 imaged in the long I band}},
year = {2021}
}

@article{ImageWarping,
author = {Bauckhage, Christian},
year = {2019},
month = {01},
pages = {},
title = {NumPy / SciPy Recipes for Image Processing: General Image Warping},
doi = {10.13140/RG.2.2.35176.93444}
}
